@inproceedings{Gama:2011,
  author    = {Jo{\~{a}}o Gama and
               Petr Kosina},
  title     = {Learning Decision Rules from Data Streams},
  booktitle = {{IJCAI} 2011, Proceedings of the 22nd International Joint Conference
               on Artificial Intelligence, Barcelona, Catalonia, Spain, July 16-22,
               2011},
  pages     = {1255--1260},
  year      = {2011}
}

@inproceedings{Domingos:2000,
  author    = {Pedro M. Domingos and
               Geoff Hulten},
  title     = {Mining high-speed data streams},
  booktitle = {Proceedings of the sixth {ACM} {SIGKDD} international conference on
               Knowledge discovery and data mining, Boston, MA, USA, August 20-23,
               2000},
  pages     = {71--80},
  year      = {2000}
}

@inproceedings{OzaR:2001,
  author    = {Nikunj C. Oza and
               Stuart J. Russell},
  title     = {Online Bagging and Boosting},
  booktitle = {Proceedings of the Eighth International Workshop on Artificial Intelligence
               and Statistics, {AISTATS} 2001, Key West, Florida, USA, January 4-7,
               2001},
  year      = {2001}
}

@inproceedings{Morales:2013,
  author    = {Gianmarco De Francisci Morales},
  title     = {{SAMOA:} a platform for mining big data streams},
  booktitle = {22nd International World Wide Web Conference, {WWW} '13, Rio de Janeiro,
               Brazil, May 13-17, 2013, Companion Volume},
  pages     = {777--778},
  year      = {2013}
}

@INPROCEEDINGS{Vu:2014, 
author={A. T. Vu and G. De Francisci Morales and J. Gama and A. Bifet}, 
booktitle={2014 IEEE International Conference on Big Data (Big Data)}, 
title={Distributed Adaptive Model Rules for mining big data streams}, 
year={2014}, 
volume={}, 
number={}, 
pages={345-353}}

@inproceedings{Vasiloudis:2017,
  author    = {Theodore Vasiloudis and
               Foteini Beligianni and
               Gianmarco De Francisci Morales},
  title     = {BoostVHT: Boosting Distributed Streaming Decision Trees},
  booktitle = {Proceedings of the 2017 {ACM} on Conference on Information and Knowledge
               Management, {CIKM} 2017, Singapore, November 06 - 10, 2017},
  pages     = {899--908},
  year      = {2017}
}

@inproceedings{Pfahringer:2008,
  author    = {Bernhard Pfahringer and
               Geoffrey Holmes and
               Richard Kirkby},
  title     = {Handling Numeric Attributes in Hoeffding Trees},
  booktitle = {Advances in Knowledge Discovery and Data Mining, 12th Pacific-Asia
               Conference, {PAKDD} 2008, Osaka, Japan, May 20-23, 2008 Proceedings},
  pages     = {296--307},
  year      = {2008}
}

@inproceedings{Gama:2003,
  author    = {Jo{\~{a}}o Gama and
               Ricardo Rocha and
               Pedro Medas},
  title     = {Accurate decision trees for mining high-speed data streams},
  booktitle = {Proceedings of the Ninth {ACM} {SIGKDD} International Conference on
               Knowledge Discovery and Data Mining, Washington, DC, USA, August 24
               - 27, 2003},
  pages     = {523--528},
  year      = {2003}
}

@inproceedings{Cano:2018,
  author    = {Alberto Cano and
               Bartosz Krawczyk},
  title     = {Learning Classification Rules with Differential Evolution for High-Speed
               Data Stream Mining on {GPU} s},
  booktitle = {2018 {IEEE} Congress on Evolutionary Computation, {CEC} 2018, Rio
               de Janeiro, Brazil, July 8-13, 2018},
  pages     = {1--8},
  year      = {2018}
}
